@article{guillory2008s,
  title={It's about family: {Native American} student persistence in higher education},
  author={Guillory, Raphael M and Wolverton, Mimi},
  journal={The Journal of Higher Education},
  volume={79},
  number={1},
  pages={58--87},
  year={2008},
  note={\url{http://ezproxy.libweb.linnbenton.edu:2048/login?url=http://go.galegroup.com/ps/i.do?id=GALE\|A174751958&v=2.1&u=lbcc&it=r&p=ITOF&sw=w}}
}

@misc{finra,
  title={Oregon Survey Data at a glance},
  journal={Financial Capability Study},
  author={{{FINRA} Investor Education Foundation}},
  howpublished={\url{http://www.usfinancialcapability.org/results.php?region=OR}},
  year={2012}
  }
  
@misc{oer,
  title={Why OER?},
  author={{Tacoma Community College}},
  year={2015},
  howpublished={\url{http://link.videoplatform.limelight.com/media/?mediaId=213add14d2434c4fbccbb30b6445c744&width=720&height=457}}
  }
  
@article{oer-dh,
  title={Initiative seeks to lower {LBCC} student costs},
  author={Lathrop, Steve},
  journal={Albany Democrat-Herald},
  year={2015},
  month=mar,
  date={15},
  note={\url{http://democratherald.com/news/local/initiative-seeks-to-lower-lbcc-student-costs/article_5e6670c7-f81b-5728-8f2a-9dedaf46557d.html}}
  }
  
@article{rosenberg,
  title={How to read an academic article},
  author={Becky Rosenberg},
  note={\url{http://faculty.washington.edu/davidgs/ReadArticle.html}},
  year={2009}
}


@article{gen-ed,
  title={The Value of General Education},
  author={Michael W Austin},
  journal={Psychology Today Blog},
  year={2011},
  month=apr,
  note={\url{https://www.psychologytoday.com/blog/ethics-everyone/201104/the-value-general-education}}
}
  
@misc{worksheets,
  title={Programs of study},
  author={{Linn-Benton Community College}},
  year={2015},
  note={\url{http://linnbenton.smartcatalogiq.com/en/2015-2016/Catalog/Programs-of-Study}}
}

@misc{ooh,
  author={{Bureau of Labor Statistics}},
  title={Occupational outlook handbook},
  howpublished={\url{http://www.bls.gov/ooh/}},
  year={2014}
  }
  
@misc{wellsley,
  author={{Wellsley College Project on Social Computing}},
  title={How to E-mail Your Professor},
  year={2008},
  journal={Netiquette guidelines},
  howpublished={\url{http://web.wellesley.edu/SocialComputing/Netiquette/netiquetteprofessor.html}}
  }